<record><leader>00000cas a22000007a 4500</leader><controlfield tag="001">23111796</controlfield><controlfield tag="008">910218d18811882mouwr ne      0    0eng d</controlfield><datafield ind1=" " ind2=" " tag="010"><subfield code="a">sn 91061099 </subfield></datafield><datafield ind1=" " ind2=" " tag="040"><subfield code="a">MQN</subfield><subfield code="b">eng</subfield><subfield code="c">MQN</subfield><subfield code="d">OCLCQ</subfield></datafield><datafield ind1=" " ind2=" " tag="042"><subfield code="a">msc</subfield></datafield><datafield ind1="0" ind2="4" tag="245"><subfield code="a">The Corning eagle.</subfield></datafield><datafield ind1=" " ind2=" " tag="260"><subfield code="a">Corning, Holt County, Mo. :</subfield><subfield code="b">Charles T. Taylor</subfield></datafield><datafield ind1=" " ind2=" " tag="300"><subfield code="a">v.</subfield></datafield><datafield ind1=" " ind2=" " tag="310"><subfield code="a">Weekly</subfield></datafield><datafield ind1="0" ind2=" " tag="362"><subfield code="a">Vol. 1, no. 1 (Dec. 8, 1881)-</subfield></datafield><datafield ind1="1" ind2=" " tag="362"><subfield code="a">Ceased in 1882?</subfield></datafield><datafield ind1=" " ind2="4" tag="651"><subfield code="a">Corning (Mo.)</subfield><subfield code="v">Newspapers.</subfield></datafield><datafield ind1=" " ind2=" " tag="752"><subfield code="a">United States</subfield><subfield code="b">Missouri</subfield><subfield code="c">Holt</subfield><subfield code="d">Corning.</subfield></datafield><datafield ind1="0" ind2="0" tag="785"><subfield code="t">Fairfax independent</subfield><subfield code="w">(DLC)sn 91061100</subfield></datafield><datafield ind1="1" ind2=" " tag="029"><subfield code="a">AU@</subfield><subfield code="b">000025897503</subfield></datafield></record>